
@COMMENT{ Presence in virtual environment }

@ARTICLE{SS,
  title={Measuring presence in virtual environments: A presence questionnaire},
  author={Witmer, Bob G and Singer, Michael J},
  journal={Presence: Teleoperators and virtual environments},
  volume={7},
  number={3},
  pages={225--240},
  year={1998},
  publisher={MIT Press}
}

@ARTICLE{vonderPütten2012317,
title = "Subjective and behavioral presence measurement and interactivity in the collaborative augmented reality game TimeWarp ",
journal = "Interacting with Computers ",
volume = "24",
number = "4",
pages = "317 - 325",
year = "2012",
note = "Special Issue on Presence and Interaction ",
issn = "0953-5438",
doi = "http://dx.doi.org/10.1016/j.intcom.2012.03.004",
url = "http://www.sciencedirect.com/science/article/pii/S0953543812000355",
author = "Astrid M. von der Pütten and Jennifer Klatt and Simon Ten Broeke and Roderick McCall and Nicole C. Krämer and Richard Wetzel and Lisa Blum and Leif Oppermann and Johannes Klatt",
keywords = "Presence in games",
keywords = "Behavioral measures",
keywords = "Augmented reality",
keywords = "Collaborative games",
keywords = "Interactivity "
}

@INPROCEEDINGS{Dinh:1999:EIM:554230.835733,
 author = {Dinh, Huong Q. and Walker, Neff and Song, Chang and Kobayashi, Akira and Hodges, Larry F.},
 title = {Evaluating the Importance of Multi-sensory Input on Memory and the Sense of Presence in Virtual Environments},
 booktitle = {Proceedings of the IEEE Virtual Reality},
 series = {VR '99},
 year = {1999},
 isbn = {0-7695-0093-5},
 pages = {222--},
 url = {http://dl.acm.org/citation.cfm?id=554230.835733},
 acmid = {835733},
 publisher = {IEEE Computer Society},
 address = {Washington, DC, USA}
} 

@ARTICLE{Sanchez-Vives2005-SANFPT,
	author = {Maria V. Sanchez-Vives and Mel Slater},
	number = {4},
	volume = {6},
	year = {2005},
	journal = {Nature Reviews Neuroscience},
	title = {From Presence to Consciousness Through Virtual Reality},
	pages = {332--339}
}

@ARTICLE{sw97,
    author = {Slater, Mel and Wilbur, Sylvia},
    citeulike-article-id = {4678276},
    journal = {Presence: Teleoperators and Virtual Environments},
    keywords = {immersion, presence},
    month = dec,
    number = {6},
    pages = {603--616},
    posted-at = {2009-05-29 14:25:59},
    priority = {2},
    title = {{A Framework for Immersive Virtual Environments (FIVE) - Speculations on the Role of Presence in Virtual Environments}},
    volume = {6},
    year = {1997}
}

@ARTICLE{Witmer:1998:MPV:1246761.1246762,
 author = {Witmer, Bob G. and Singer, Michael J.},
 title = {Measuring Presence in Virtual Environments: A Presence Questionnaire},
 journal = {Presence: Teleoper. Virtual Environ.},
 issue_date = {June 1998},
 volume = {7},
 number = {3},
 month = jun,
 year = {1998},
 issn = {1054-7460},
 pages = {225--240},
 numpages = {16},
 url = {http://dx.doi.org/10.1162/105474698565686},
 doi = {10.1162/105474698565686},
 acmid = {1246762},
 publisher = {MIT Press},
 address = {Cambridge, MA, USA}
} 

@ARTICLE{6790390,
author={Lessiter, J and Freeman, J and Keogh, E and Davidoff, J},
journal={Presence},
title={A Cross-Media Presence Questionnaire: The ITC-Sense of Presence Inventory},
year={2001},
month={June},
volume={10},
number={3},
pages={282-297},
doi={10.1162/105474601300343612},
ISSN={1054-7460},
}




@COMMENT{ Other physiological signals and EEG studies (related to video) } 

@ARTICLE{2Dvs3D,
	AUTHOR = "Eleni Kroupi and Philippe Hanhart and Jong-Seok Lee and Martin Rerabek and Touradj Ebrahimi",
	TITLE = "User-independent classification of 2D versus 3D multimedia experiences through EEG and physiological signals.",
	JOURNAL = "8th International Workshop on Video Processing and Quality Metrics for Consumer Electronics-VPQM. 2014. No. EPFL-CONF-197071.",
	YEAR = {2014}	}

@ARTICLE{5871728,
author={Koelstra, S. and Muhl, C. and Soleymani, M. and Jong-Seok Lee and Yazdani, A. and Ebrahimi, T. and Pun, T. and Nijholt, A. and Patras, I.},
journal={Affective Computing, IEEE Transactions on},
title={DEAP: A Database for Emotion Analysis ;Using Physiological Signals},
year={2012},
month={Jan},
volume={3},
number={1},
pages={18-31},
doi={10.1109/T-AFFC.2011.15},
ISSN={1949-3045},}

@ARTICLE{6095505,
author={Soleymani, M. and Pantic, M. and Pun, T.},
journal={Affective Computing, IEEE Transactions on},
title={Multimodal Emotion Recognition in Response to Videos},
year={2012},
month={April},
volume={3},
number={2},
pages={211-223},
doi={10.1109/T-AFFC.2011.37},
ISSN={1949-3045},}



@COMMENT{ Language dependencies }
@ARTICLE{1979,
     jstor_articletype = {research-article},
     title = {Emotion Work, Feeling Rules, and Social Structure},
     author = {Hochschild, Arlie Russell},
     journal = {American Journal of Sociology},
     jstor_issuetitle = {},
     volume = {85},
     number = {3},
     jstor_formatteddate = {Nov., 1979},
     pages = {pp. 551-575},
     url = {http://www.jstor.org/stable/2778583},
     ISSN = {00029602},
     language = {English},
     year = {1979},
     publisher = {The University of Chicago Press},
     copyright = {Copyright © 1979 The University of Chicago Press},
    }

@ARTICLE{5252120,
author = {James J. Gross and Oliver P. John},
title = {{Individual Differences in Two Emotion Regulation Processes: Implications for Affect, Relationships, and Well-Being}},
journal = {Journal of Personality and Social Psychology},
volume = {85},
year = {2003},
pages = {348--362},
issue = {2},
doi = {10.1037/0022-3514.85.2.348},
masid = {5252120}
}

@article{forgas1999feeling,
  title={On feeling good and being rude: Affective influences on language use and request formulations.},
  author={Forgas, Joseph P},
  journal={Journal of Personality and Social Psychology},
  volume={76},
  number={6},
  pages={928},
  year={1999},
  publisher={American Psychological Association}
}

@article{geng2010cultural,
  title={Cultural differences influence on language},
  author={Geng, Xiao},
  journal={Review of European Studies},
  volume={2},
  number={2},
  pages={p219},
  year={2010}
}




@COMMENT{ Color vision charts }

@article{songden2013colour,
  title={Colour Vision Performance Test},
  author={Songden, Stephen and Ike, Emeka},
  journal={Journal of Natural Sciences Research},
  volume={3},
  number={11},
  pages={19--24},
  year={2013}
}

@article{ishihara1917test,
  title={Test for Coiour-Blindness},
  author={Ishihara, Shinobu},
  journal={Tokyo: Hongo Harukicho},
  year={1917}
}




@COMMENT{ Miscellaneous }
@INPROCEEDINGS{ScreenD,
 address = {Singapore, Singapore},
 author = {Li, Jing and Koudota, Yao and Barkowsky, Marcus and Primon, Hélène and Le Callet, Patrick},
 booktitle = {The International Workshop on Quality of Multimedia Experience (QoMEX) 2014},
 hal_id = {hal-01071465},
 hal_version = {v1},
 keyword = {Pair Comparison ; Upscaling ; Preference ; Index Terms- Ultra HD ; Quality of Experience},
 link = {https://hal.archives-ouvertes.fr/hal-01071465},
 month = {Sep},
 title = {COMPARING UPSCALING ALGORITHMS FROM HD TO ULTRA HD BY EVALUATING PREFERENCE OF EXPERIENCE},
 year = {2014}
}

@ARTICLE{ACRevaluation,
	AUTHOR = "ITU-T RECOMMENDATION, P.910",
	TITLE = "Subjective video quality assessment methods for multimedia applications.",
	JOURNAL = {International Telecommunication Unio},
	MONTH = "April",
	YEAR = {2008}	}

@ARTICLE{Outliers,
	AUTHOR = "ITU-R BT.500-13",
	TITLE = "Methodology for the subjective
assessment of the quality of television pictures.",
	JOURNAL = {International Telecommunication Unio},
	MONTH = "January",
	YEAR = {2012}	}

@ARTICLE{HR,
author={Pan, Jiapu and Tompkins, Willis J.},
journal={Biomedical Engineering, IEEE Transactions on},
title={A Real-Time QRS Detection Algorithm},
year={1985},
month={March},
volume={BME-32},
number={3},
pages={230-236},
keywords={Band pass filters;Computer displays;Databases;Detection algorithms;Detectors;Digital filters;Electrocardiography;Filtering;Interference;Noise reduction;Analog-Digital Conversion;Electrocardiography;Evaluation Studies as Topic;Filtration;Humans;Mathematics},
doi={10.1109/TBME.1985.325532},
ISSN={0018-9294}}

@ARTICLE{waveletDenoise,
title = "Multivariate denoising using wavelets and principal component analysis ",
journal = "Computational Statistics \& Data Analysis ",
volume = "50",
number = "9",
pages = "2381 - 2398",
year = "2006",
note = "Statistical signal extraction and filtering Statistical signal extraction and filtering ",
issn = "0167-9473",
doi = "http://dx.doi.org/10.1016/j.csda.2004.12.010",
url = "http://www.sciencedirect.com/science/article/pii/S0167947304004025",
author = "Mina Aminghafari and Nathalie Cheze and Jean-Michel Poggi",
keywords = "Multivariate denoising",
keywords = "Wavelets",
keywords = "\{PCA\} "
}



